<?xml version="1.0" encoding="UTF-8"?><collection><record><leader>05688ntm a2200577 a 4500</leader><controlfield tag="001">006818612</controlfield><controlfield tag="003">MiAaHDL</controlfield><controlfield tag="005">20190719000000.0</controlfield><controlfield tag="006">m        d        </controlfield><controlfield tag="007">cr bn ---auaua</controlfield><controlfield tag="008">090615s15uu    xx            00| ||ota d</controlfield><datafield tag="035" ind1=" " ind2=" "><subfield code="a">(MiU)006818612</subfield></datafield><datafield tag="035" ind1=" " ind2=" "><subfield code="a">sdr-miu006818612</subfield></datafield><datafield tag="040" ind1=" " ind2=" "><subfield code="a">MiU</subfield><subfield code="c">MiU</subfield><subfield code="e">amremm</subfield></datafield><datafield tag="041" ind1="0" ind2=" "><subfield code="a">ota</subfield></datafield><datafield tag="043" ind1=" " ind2=" "><subfield code="a">n-us-mi</subfield></datafield><datafield tag="100" ind1="0" ind2=" "><subfield code="6">880-01</subfield><subfield code="a">Ahmedî,</subfield><subfield code="d">1334?-1413.</subfield></datafield><datafield tag="245" ind1="1" ind2="0"><subfield code="6">880-03</subfield><subfield code="a">İskendername,</subfield><subfield code="f">[16th century?].</subfield></datafield><datafield tag="246" ind1="3" ind2=" "><subfield code="a">اسكندر نامه</subfield></datafield><datafield tag="246" ind1="3" ind2=" "><subfield code="a">İskender-name</subfield></datafield><datafield tag="260" ind1=" " ind2=" "><subfield code="c">[15--?].</subfield></datafield><datafield tag="300" ind1=" " ind2=" "><subfield code="a">95 leaves :</subfield><subfield code="b">paper ;</subfield><subfield code="c">310 x 215 (208 x 133) mm.</subfield></datafield><datafield tag="500" ind1=" " ind2=" "><subfield code="a">Shelfmark: Ann Arbor, University of Michigan, Special Collections Library, Isl. Ms. 677</subfield></datafield><datafield tag="500" ind1=" " ind2=" "><subfield code="a">Origin: Lacks dated colophon ; paper, etc. would suggest 16th century.</subfield></datafield><datafield tag="500" ind1=" " ind2=" "><subfield code="a">Accompanying materials: a. Inventory cataloguing slip in hand of Winifred Smeaton Thomas. -- b. Acquisitions slip from Yahuda.</subfield></datafield><datafield tag="500" ind1=" " ind2=" "><subfield code="a">Former shelfmark: From 'title page,' "IL 414" (likely supplied by Yahuda, see acquisitions slip).</subfield></datafield><datafield tag="500" ind1=" " ind2=" "><subfield code="a">Binding: Pasteboards covered in now dull yellow European laid paper (three crescent watermark visible) with red leather over spine and fore edge flap ; Type II binding (with flap) ; board linings in marbled paper in blue and cream yellow ; sewn in cream thread, two stations ; worked chevron endbands in cream and pink, significant losses at head and tail ; overall in somewhat poor condition with significant staining and abrasion, losses to upper board at lower corner, upper cover fully detached at spine, lifting and losses of leather, foreedge flap detaching at lower cover, etc. ; housed in box for protection.</subfield></datafield><datafield tag="500" ind1=" " ind2=" "><subfield code="a">Support: European laid paper of perhaps two types ; mainly with 9 laid lines per cm. (horizontal), chain lines spaced 28 mm. apart (vertical), and anchor (two line) in circle with star above watermark (see p.40, 46, 56, 60, 100, etc.) ; another type with 9-10 laid lines per cm. (horizontal), chain lines spaced 29 mm. apart (vertical), and watermark of font with lid and cross [leaf] (or cardinal’s mitre / chapeau) (see p.26 and compare Chapeau nos. 3447, etc. in Briquet, Les Filigranes, Chapeau nos.2-8 in Velkov, Les Filigranes dans les documents Ottomans and nos. 31-32 in Nikolaev, Watermarks of the Ottoman Empire, vol. 1) ; sturdy and well-burnished.</subfield></datafield><datafield tag="500" ind1=" " ind2=" "><subfield code="a">Decoration: Keywords and section headings rubricated ; some section headings in green-blue ; written area and columns within surrounded by red rule-border.</subfield></datafield><datafield tag="500" ind1=" " ind2=" "><subfield code="a">Script: Naskh ; compact, elegant, Turkish hand ; virtually serifless with very slight tilt to the left, curvilinear descenders, occasional sweeping tails on qāf, etc., freely ligatured, pointing in strokes and distinct dots.</subfield></datafield><datafield tag="500" ind1=" " ind2=" "><subfield code="a">Layout: Written in 21 lines per page with written area divided to four columns and two lines of verse per line, for 42 lines of verse per page ; frame-ruled.</subfield></datafield><datafield tag="500" ind1=" " ind2=" "><subfield code="a">Collation: 2 IV(16), VII (30), 2 IV(46), V (56), VI (68), V+1 (79), V (89), IV-2 (95) ; catchwords present ; pagination in pencil, Western numerals, supplied during digitization (skips two pages between pp.167-168).</subfield></datafield><datafield tag="500" ind1=" " ind2=" "><subfield code="a">Explicit: "خيرله اولسون دني عقبيده شاد احمديى هر كه ايده خيرله ياد"</subfield></datafield><datafield tag="500" ind1=" " ind2=" "><subfield code="a">Incipit: "ذكر بسم الله الرحمن الرحيم قامونسدن [قامونسنه] بزه كيدر اى حكيم هر كيمككم يولداشى توفيق اولا هرنه سوزكم سويليا تحقيق اولا"</subfield></datafield><datafield tag="500" ind1=" " ind2=" "><subfield code="a">Title from inscriptions on 'title page' (p.1).</subfield></datafield><datafield tag="500" ind1=" " ind2=" "><subfield code="a">Ms. codex.</subfield></datafield><datafield tag="510" ind1="4" ind2=" "><subfield code="a">Nikolaev, Vsevolod. Watermarks of the mediaeval Ottoman documents in Bulgarian libraries. In Watermarks of the Ottoman Empire, volume 1. Sofia: Bulgarian Academy of Sciences, 1954.</subfield></datafield><datafield tag="510" ind1="4" ind2=" "><subfield code="a">Velkov, Asparouh. Les Filigranes dans les documents Ottomans: divers types d'images. Sofia: Éditions "Texte - A. Trayanov", 2005.</subfield></datafield><datafield tag="510" ind1="4" ind2=" "><subfield code="a">Ḥājjī Khalīfah. Kashf al-ẓunūn (ed. Fluegel),</subfield><subfield code="c">i 285, no. 684</subfield></datafield><datafield tag="510" ind1="4" ind2=" "><subfield code="a">Brit. Mus. Cat. Turkish MSS.,</subfield><subfield code="c">p.162</subfield></datafield><datafield tag="520" ind1="8" ind2=" "><subfield code="a">Fine copy of the work by the renowned Ottoman poet Ahmedî on the life and deeds of Alexander the Great, expanding on the features of the legend as they appear in Firdawsī and Niẓāmī with many philosophical digressions and ending with a sketch of Islamic history concluding with an important versified history of the Ottomans.</subfield></datafield><datafield tag="538" ind1=" " ind2=" "><subfield code="a">Mode of access: Internet.</subfield></datafield><datafield tag="541" ind1=" " ind2=" "><subfield code="a">Acquired in 1926 from the bookseller Isaac Benjamin S.E. Yahuda via purchase transacted on his behalf by Abraham Shalom Yahuda (1877-1951), his younger brother.</subfield></datafield><datafield tag="546" ind1=" " ind2=" "><subfield code="a">Ottoman Turkish.</subfield></datafield><datafield tag="561" ind1=" " ind2=" "><subfield code="a">Several former owners' marks on 'title page' (p.1) including a virtually effaced oval seal impression, an ownership statement opening "من كتب الفقير..." with owner's name effaced, in purple ink the large crescent-shaped stamp of Maktabat al-Shahbāʼ, Ḥalab, (also on p.3), a possible former inventory mark with "٢٧", etc. ; further effaced statements and seal impressions appear on incipit and facing page (pp.2-3) ; seal impression is repeated on p.51 ; effaced seal impression at close on p.186 ; occasional marginal corrections.</subfield></datafield><datafield tag="600" ind1="0" ind2="0"><subfield code="a">Alexander,</subfield><subfield code="c">the Great,</subfield><subfield code="d">356 B.C.-323 B.C.</subfield><subfield code="v">Poetry.</subfield></datafield><datafield tag="650" ind1=" " ind2="0"><subfield code="a">Manuscripts, Turkish</subfield><subfield code="z">Michigan</subfield><subfield code="z">Ann Arbor.</subfield></datafield><datafield tag="650" ind1=" " ind2="0"><subfield code="a">Turkish poetry.</subfield></datafield><datafield tag="773" ind1="0" ind2=" "><subfield code="a">Yahuda Collection.</subfield></datafield><datafield tag="880" ind1="1" ind2="0"><subfield code="6">245-03/</subfield><subfield code="a">اسكندرنامه,</subfield><subfield code="f">[القرن 16م؟].</subfield></datafield><datafield tag="880" ind1="0" ind2=" "><subfield code="6">100-01/</subfield><subfield code="a">احمدي.</subfield></datafield><datafield tag="CID" ind1=" " ind2=" "><subfield code="a">006818612</subfield></datafield><datafield tag="DAT" ind1="0" ind2=" "><subfield code="a">20190719102639.0</subfield><subfield code="b">20190719000000.0</subfield></datafield><datafield tag="DAT" ind1="1" ind2=" "><subfield code="a">20190719090653.0</subfield><subfield code="b">2019-07-19T16:10:54Z</subfield></datafield><datafield tag="DAT" ind1="2" ind2=" "><subfield code="a">2015-10-02T18:00:03Z</subfield></datafield><datafield tag="CAT" ind1=" " ind2=" "><subfield code="a">SDR-MIU</subfield><subfield code="d">EX LIBRIS - ALEPH</subfield><subfield code="l">prepare.pl-004-008</subfield></datafield><datafield tag="FMT" ind1=" " ind2=" "><subfield code="a">BK</subfield></datafield><datafield tag="HOL" ind1=" " ind2=" "><subfield code="0">sdr-miu006818612</subfield><subfield code="a">MiU</subfield><subfield code="b">SDR</subfield><subfield code="c">MIU</subfield><subfield code="p">mdp.39015079129931</subfield><subfield code="s">MIU</subfield><subfield code="1">006818612</subfield></datafield><datafield tag="974" ind1=" " ind2=" "><subfield code="b">MIU</subfield><subfield code="c">MIU</subfield><subfield code="d">20190719</subfield><subfield code="s">lit-dlps-dc</subfield><subfield code="u">mdp.39015079129931</subfield><subfield code="y">1599</subfield><subfield code="r">pd</subfield><subfield code="q">bib</subfield><subfield code="t">non-US bib date1 &lt; 1896</subfield></datafield></record></collection>